%% This BibTeX bibliography file was created using BibDesk.
%% http://bibdesk.sourceforge.net/


%% Created for Tim Steenvoorden at 2011-05-07 09:06:42 +0200 


%% Saved with string encoding Unicode (UTF-8) 



@misc{url4,
	Author = {Tim Steenvoorden},
	Date-Added = {2011-05-07 09:06:14 +0200},
	Date-Modified = {2011-05-07 09:06:41 +0200},
	Howpublished = {http://www.google.com},
	Month = {may},
	Url = {http://www.google.com},
	Title = {Url 4},
	Year = {2011}}

@webpage{url3,
	Date-Added = {2011-05-07 08:52:03 +0200},
	Date-Modified = {2011-05-07 08:52:27 +0200},
	Lastchecked = {7 may 2011},
	Author = {Tim Steenvoorden},
	Month = {may},
	Url = {http://www.google.com},
	Year = {2011},
	Bdsk-Url-1 = {http://www.google.com}}

@electronic{url2,
	Author = {Tim Steenvoorden},
	Date-Added = {2011-05-07 08:51:45 +0200},
	Date-Modified = {2011-05-07 08:52:01 +0200},
	Title = {Url 2},
	Url = {http://www.google.com},
	Urldate = {7 may 2011}}

@url{url1,
	Author = {Tim Steenvoorden},
	Date-Added = {2011-05-07 08:51:04 +0200},
	Date-Modified = {2011-05-07 08:51:44 +0200},
	Title = {Url 1},
	Url = {http://www.google.com},
	Urldate = {7 may 2011}}

@article{Nielsen:2010wm,
	Author = {Nielsen, Holger Bech},
	Journal = {arXiv},
	Month = {jun},
	Note = {This paper were at least somewhat inspired by the Spaatind conference January 2010 in as far as the material is near to the content of my talk there},
	Title = {{Remarkable Relation from Minimal Imaginary Action Model}},
	Volume = {physics.gen-ph},
	Year = {2010}}

@article{Nielsen:2006un,
	Author = {Nielsen, Holger Bech and Ninomiya, Masao},
	Journal = {arXiv},
	Month = {dec},
	Note = {48 pages},
	Title = {{Future Dependent Initial Conditions from Imaginary Part in Lagrangian}},
	Volume = {hep-ph},
	Year = {2006}}

@article{Nielsen:2007ut,
	Author = {Nielsen, Holger Bech and Ninomiya, Masao},
	Journal = {arXiv},
	Month = {nov},
	Note = {Workshop},
	Title = {{Complex Action, Prearrangement for Future and Higgs Broadening}},
	Volume = {physics.gen-ph},
	Year = {2007}}

@article{Nielsen:2010uv,
	Author = {Nielsen, Holger Bech and Ninomiya, Masao},
	Journal = {arXiv},
	Month = {aug},
	Note = {28 pages, To apper in Proceedings for 13 Bled workshop "What Comes Beyond the Standard models", 12-22. July 2010},
	Title = {{Backward Causation in Complex Action Model -- Superdeterminism and Transactional Interpretations}},
	Volume = {physics.gen-ph},
	Year = {2010}}

@article{Nielsen:2009tv,
	Author = {Nielsen, Holger Bech},
	Journal = {arXiv},
	Month = {nov},
	Note = {Proceedings to ``Black Holes in General Relativity and String Theory'' in Veli Losjinj, Chroatia},
	Title = {{Initial Condition Model from Imaginary Part of Action and the Information Loss}},
	Volume = {gr-qc},
	Year = {2009}}

@article{Nielsen:2008uk,
	Author = {Nielsen, Holger Bech},
	Journal = {arXiv},
	Month = {nov},
	Note = {This is a translation from Danish of a contribution to a bokk about Miracles (= Mirakler) which is being published by Aarhus University Press},
	Title = {{Model for Laws of Nature with Miracles}},
	Volume = {physics.pop-ph},
	Year = {2008}}

@article{Nielsen:2008uy,
	Author = {Nielsen, Holger Bech and Ninomiya, Masao},
	Journal = {arXiv},
	Month = {feb},
	Note = {33 pages},
	Title = {{Test of Influence from Future in Large Hadron Collider; A Proposal}},
	Volume = {physics.gen-ph},
	Year = {2008}}

@book{Sakurai:1994tw,
	Author = {Sakurai, Jun John and Fu Tuan, San},
	Title = {{Modern quantum mechanics‎}},
	Year = {1994}}

@book{Taylor:2005uj,
	Author = {Taylor, John Robert},
	Title = {{Classical mechanics‎}},
	Year = {2005}}

@book{Goldstein:2002uj,
	Author = {Goldstein, Herbert and Poole, Charles and Safko, John L},
	Title = {{Classical mechanics‎}},
	Year = {2002}}

@booklet{Beenakker:2007uc,
	Author = {Beenakker, Wim JP},
	Title = {{Dictaat bij het college Analytische Mechanica}},
	Year = {2007}}

@booklet{Beenakker:2009te,
	Author = {Beenakker, Wim JP},
	Title = {{Dictaat bij het college Kwantummechanica 2}},
	Year = {2009}}

@article{Grosche:1993tw,
	Author = {Grosche, Christian},
	Journal = {arXiv},
	Month = {feb},
	Note = {92 pages, amstex, Leipzig University preprint NTZ Nr.29/92},
	Title = {{An Introduction into the Feynman Path Integral}},
	Volume = {hep-th},
	Year = {1993}}

@book{DeWitt:1972uv,
	Author = {DeWitt, CM},
	Publisher = {Communications in Mathematical Physics},
	Title = {{Feynman's path integral}},
	Volume = {28},
	Year = {1972}}

@unpublished{Klauber:2010tc,
	Author = {Klauber, Robert D},
	Title = {{Path Integrals in Quantum Theories: A Pedagogic First Step}},
	Year = {2010}}

@book{Hatfield:1998wb,
	Author = {Hatfield, Brian},
	Title = {{Quantum field theory of point particles and strings‎}},
	Year = {1998}}

@book{Peskin:1995ww,
	Author = {Peskin, Michael Edward and Schroeder, Daniel V},
	Title = {{An introduction to quantum field theory}},
	Year = {1995}}
