%% Created using Papers on Fri, 08 Jun 2012.
%% http://mekentosj.com/papers/

@booklet{Klauber:2010tc,
title = {{Path Integrals in Quantum Theories: A Pedagogic First Step}},
author = {Klauber, Robert D},
year = {2010},
read = {Yes},
rating = {3},
date-added = {2010-09-29T08:41:47GMT+00:00},
date-modified = {2012-06-08T17:29:55GMT+00:00},
url = {http://www.quantumfieldtheory.info/Path_Integrals_in_Quantum_Theories.pdf},
local-url = {file://localhost/Users/Tim/Documents/Papers/Books/Klauber/2010/Path%20Integrals%20in%20Quantum%20Theories%20A%20Pedagogic%20First%20Step.pdf},
uri = {\url{papers2://publication/uuid/9F073E15-CB5F-4B1D-8AD4-2E5195D18F0C}}
}

@booklet{Beenakker:2007uc,
title = {{Dictaat bij het college Analytische Mechanica}},
author = {Beenakker, Wim JP},
year = {2007},
affiliation = {Radboud University Nijmegen},
language = {Dutch},
read = {Yes},
rating = {4},
date-added = {2010-09-15T12:43:15GMT+00:00},
date-modified = {2012-05-26T09:28:12GMT+00:00},
abstract = {Inhoud van het college: 1) De Lagrangiaan in de klassieke mechanica 2) Bewegingen van starre lichamen 3) Via de Hamiltoniaan naar de kwantummechanica},
local-url = {file://localhost/Users/Tim/Documents/Papers/Books/Beenakker/2007/Dictaat%20bij%20het%20college%20Analytische%20Mechanica.pdf},
uri = {\url{papers2://publication/uuid/BA7ACD54-FB64-4CB6-B36E-8488CDCF9EBC}}
}

@book{Feynman:100771,
author = {Feynman, Richard Phillips and Hibbs, Albert Roach},
title = {{Quantum mechanics and path integrals}},
publisher = {McGraw-Hill},
year = {1965},
series = {International series in pure and applied physics},
address = {New York, NY},
rating = {0},
date-added = {2012-05-17T11:23:14GMT+00:00},
date-modified = {2012-05-17T11:23:14GMT+00:00},
uri = {\url{papers2://publication/uuid/C11F2102-4149-4E5B-BA21-D1DADDD5264B}}
}

@book{Taylor:2005uj,
author = {Taylor, John Robert},
title = {{Classical mechanics‎}},
year = {2005},
read = {Yes},
rating = {4},
date-added = {2010-09-15T11:59:21GMT+00:00},
date-modified = {2012-04-24T07:53:23GMT+00:00},
abstract = {John Taylor has brought to his new book, Classical Mechanics, all of the clarity and insight that made his Introduction to Error Analysis a best-selling text.},
url = {http://books.google.com/books?id=P1kCtNr-pJsC&printsec=frontcover},
uri = {\url{papers2://publication/uuid/7126FCA5-7C8C-4CBF-8066-5C06D438F5B2}}
}

@book{Goldstein:2002uj,
author = {Goldstein, Herbert and Poole, Charles and Safko, John L},
title = {{Classical mechanics‎}},
year = {2002},
read = {Yes},
rating = {5},
date-added = {2010-09-15T12:08:37GMT+00:00},
date-modified = {2012-05-15T15:58:45GMT+00:00},
abstract = {For thirty years this has been the acknowledged standard in advanced  courses.This classic book enables readers to make connections },
url = {http://books.google.com/books?id=tJCuQgAACAAJ&printsec=frontcover},
uri = {\url{papers2://publication/uuid/68DF8282-0C98-4427-A4C2-8A50369E6E37}}
}

@book{Feynman:1985tw,
author = {Feynman, R},
title = {{Qed: The Strange Theory Of Light And Matter}},
publisher = {Universities Press},
year = {1985},
isbn = {9788173712111},
language = {English},
rating = {0},
date-added = {2012-05-17T11:20:20GMT+00:00},
date-modified = {2012-05-17T11:20:47GMT+00:00},
abstract = {This book is a straightforward, honest explanation of a rather difficult subject- the theory of quantum electordynamics- for a non-technical audience. It is designed to give the interested reader an appreciation for the kind of thinking that physicists have resorted to in order to explain how Nature behaves.},
url = {http://books.google.com/books?id=BOsltcznq9wC&dq=qed+the+strange+theory+of+light+and+matter+feynman&cd=1&source=gbs_api},
uri = {\url{papers2://publication/uuid/DA05EC31-ECBA-408F-A5EF-A6B14B306A2A}}
}

@booklet{Beenakker:2009te,
title = {{Dictaat bij het college Kwantummechanica 2}},
author = {Beenakker, Wim JP},
year = {2009},
language = {Dutch},
read = {Yes},
rating = {4},
date-added = {2010-09-15T12:46:28GMT+00:00},
date-modified = {2012-06-08T17:28:47GMT+00:00},
abstract = {Inhoud van het college: 1) Principes van de niet-relativistische kwantummechanica 2) Veeldeeltjessystemen 3) De Wentzel--Kramers--Brillouin (WKB) benadering 4) Gevolgen van tijdsafhankelijke invloeden 5) Tijdsafhankelijke storingstheorie 6) Niet-relativistische verstrooiingstheorie 7) Wisselwerking tussen kwantumsystemen en straling/externe velden},
local-url = {file://localhost/Users/Tim/Documents/Papers/Books/Beenakker/2009/Dictaat%20bij%20het%20college%20Kwantummechanica%202.pdf},
uri = {\url{papers2://publication/uuid/94444454-37FF-41EC-9C44-98A99BA4A067}}
}

